<?xml version="1.0" encoding="UTF-8"?><record xmlns="http://www.loc.gov/MARC21/slim" xmlns:cinclude="http://apache.org/cocoon/include/1.0" xmlns:zs="http://www.loc.gov/zing/srw/">
  <leader>00465cz  a2200133n  4500</leader>
  <controlfield tag="001">n 2012064332</controlfield>
  <controlfield tag="003">DLC</controlfield>
  <controlfield tag="005">20121003074909.0</controlfield>
  <controlfield tag="008">121002n| acannaabn          |n aaa      </controlfield>
  <datafield tag="010" ind1=" " ind2=" ">
    <subfield code="a">n 2012064332</subfield>
  </datafield>
  <datafield tag="040" ind1=" " ind2=" ">
    <subfield code="a">DLC</subfield>
    <subfield code="b">eng</subfield>
    <subfield code="c">DLC</subfield>
  </datafield>
  <datafield tag="100" ind1="1" ind2=" ">
    <subfield code="a">Turnbull, McPherson</subfield>
  </datafield>
  <datafield tag="670" ind1=" " ind2=" ">
    <subfield code="a">Told in the hills, 1906</subfield>
    <subfield code="b">DLC copy theater program, Powers' Theatre, Chicago performance (McPherson Turnbull)</subfield>
  </datafield>
  <datafield tag="670" ind1=" " ind2=" ">
    <subfield code="a">Internet Broadway database, October 2, 2012</subfield>
    <subfield code="b">(McPherson Turnbull; Writer; Male)</subfield>
  </datafield>
</record>